@INPROCEEDINGS{Arystides1994,
  author = {Brayner Arystides and Carlos Santos de Medeiros},
  title = {Incorpora��o de Tempo em {SGBD} Orientado a Objeto},
  booktitle = {Anais...},
  year = {1995},
  pages = {90--98},
  address = {Petrolina},
  organization = {Simp�sio Brasileiro de Banco de Dados},
  publisher = {EMBRAPA},
  conference-number = {13},
  conference-year = {1996},
  conference-location = {Petrolina},
  owner = {ffs},
}

@INPROCEEDINGS{Assenmacher1993,
  author = {Hans Assenmacher and Tedy Breitbach and Paul Buhler and Visk H{\"u}bsch and Robert Schwarz},
  title = {{P}anda},
  booktitle = {Proceedings...},
  year = {1993},
  pages = {361-383},
  address = {Berlin},
  organization = {European Conference on Object-Oriented Programming},
  publisher = {Springer},
  note = {(Lecture Notes in Computer Science, v. 707)},
  conference-number = {7},
  conference-year = {1993},
  conference-location = {Kaiserslautern},
  subtitle = {supporting Distributed Programming in {L}++},
}

@MANUAL{Callaghan1995,
  title = {{NFS} version 3 protocol specification},
  author = {B. Callaghan and B. Pawlowski and P. Staubach},
  organization = {Internet Engineering Task Force, Network Working Group},
  address = {London},
  year = {1995},
  pages = {68},
  pagename = {p.},
  subtitle = {{RFC} 1831},
}

@ARTICLE{Caromel1998,
  author = {D. Caromel and W. Klauser and J. Vayssiere},
  title = {Towards Seamless Computing and Metacomputing in {J}ava},
  journal = {Concurrency in Practice and Experience},
  year = {1998},
  volume = {10},
  number = {11--13},
  pages = {1043--1061},
  month = sep # {/} # nov,
  xpublisher = {Wiley \& Sons},
  xaddress = {West Sussex},
  editor = {Geoffrey C. Fox},
  url = {http://www-sop.inria.fr/\~{}sloop/javall/index.html},
  urlaccessdate = {20 fev. 2000},
}

@INPROCEEDINGS{Joea2003,
  author = {John Gi Joea and Joe Gi John},
  title = {Importance of Coffee in Computer Sciences},
  year = {2003},
  pages = {99--100},
  crossref = {COFFEE2000},
}

@PROCEEDINGS{COFFEE2000,
  title = {Proceedings...},
  year = {2000},
  address = {Java Island},
  publisher = {Java Island Press},
  month = jan,
  organization = {Conference on Coffee Importance},
  conference-number = {1},
  conference-year = {2000},
  conference-location = {Java Island},
  key = {COFFEE},
  booktitle = {Proceedings...},
}

@TECHREPORT{Furmento1995,
  author = {Nathalie Furmento and Yves Roudier and G{\"u}nther Siegel},
  title = {Parall{\'e}lisme et distribution en {C}++},
  year = {1995},
  subtitle = {une Revue des Langages Existants},
  number = {RR~95-02},
  address = {Valbonne},
  note = {(RR~95-02)},
  institution = {I3S, Universit\'{e} de Nice Sophia-Antipolis},
  url = {http://www-sop.inria.br/science/skd.gz},
  urlaccessdate = {29 fev. 2003},
}

@MISC{ITALUS2004,
  title = {ITALUS},
  year = {2004},
  url = {http://www.comp.ita.br/italus/},
  urlaccessdate = {22 jul. 2004},
  subtitle = {grupo de usu{\'a}rios {\LaTeX} do {ITA}},
}

@THESIS{Morgado2003,
  author = {Morgado, M. L. C.},
  title = {Reimplante dent\'{a}rio},
  school = {Faculdade de Odontologia, Universidade Federal do Nananana},
  year = {2003},
  type = {Trabalho de Conclus\~{a}o de Curso (Especializa\c{c}\~{a}o do curso)},
  address = {S\~{a}o Paulo},
  owner = {ffs},
}

@THESIS{Patagonios2001,
  author = {Jackson Patagonios},
  title = {Um exemplo de TG},
  school = {Instituto Te{\'o}rico Aeroglifo},
	pages = {98},  
  type = {Trabalho de Conclus{\~a}o de Curso (Gradua{\c{c}}{\~a}o em Engenharia de Computa{\c{c}}{\~a}o)},
	address = {Santa Pindamonhangaba},
	year = {2001},
}

@MASTERSTHESIS{Nascimento1970,
  author = {Edson Arantes do Nascimento},
  title = {An{\'a}lise de curvas curvil{\'\i}neas da trajet{\'o}ria da bola},
  school = {Cosmos University},
  type = {Mestrado em Ci{\^e}ncia do Futebol},
  address = {Cidade do Cabo},
  pages = {36},
  pagename = {f.},
  year = {1971},
  year-presented = {1970},
}

@MASTERSTHESIS{Sbornian2002,
  author = {Wilson Sbornian},
  title = {Um exemplo de disserta{\c{c}}{\~a}o de mestrado},
  school = {Instituto de Alguma Coisa, Universidade Sei L{\'a} de Onde},
  type = {Mestrado em Ci{\^e}ncia da Computa{\c{c}}{\~a}o},
  address = {Santa Pindamonhangaba},
  pages = {98},
  url = {http://www.santapinda.edu/\~{}sbor/dissert.pdf},
  pagename = {f.},
  urlaccessdate = {25 fev. 2002},
  year = {2002},
  year-presented = {2002}
}

@PHDTHESIS{Sbornian2004,
  author = {Sbornian, Wilson},
  title = {Um exemplo de tese de doutorado},
  school = {Instituto de Alguma Coisa, Universidade Sei L{\'a} de Onde},
  year = {2004},
  type = {Doutorado em Aeron{\'a}utica},
  address = {Santo Ant{\^o}nio da Patrulha},
  note = {1 CD--ROM},
  pages = {169},
  pagename = {f.},
  year-presented = {2004},
}

@BOOK{Silberschatz1991,
  title = {Operating system concepts},
  publisher = {Springer},
  year = {1991},
  author = {Abraham Silberschatz and James Lyle Peterson and Peter B. Galvin},
  address = {New York},
  edition = {3rd},
  xisbn = {2049-67-555},
 }

% Banco de artigos para a dissertação de mestrado

@misc{Lages2010,
author = {Lages, Jos{\'{e}}},
file = {:C$\backslash$:/Users/Jeffersonro/Documents/Mestrado - Jefferson Rodrigues/Artigos/Part{\'{i}}culas elementres no ensino m{\'{e}}dio/Slide 1 Uma introdu{\c{c}}{\~{a}}o {\`{a}} F{\'{i}}sica de Part{\'{i}}culas no Ensino M{\'{e}}dio.pdf:pdf},
pages = {13},
title = {{Part{\'{i}}culas no Ensino M{\'{e}}dio}},
year = {2010}
}
@article{pinheiro2009projetando,
author = {Pinheiro, Lisiane Araujo and Costa, S S C and Moreira, Marco Antonio},
file = {:C$\backslash$:/Users/Jeffersonro/Documents/Mestrado - Jefferson Rodrigues/Artigos/Part{\'{i}}culas elementres no ensino m{\'{e}}dio/1 - Projetando o ensino de part{\'{i}}culas elementares e intera{\c{c}}{\~{o}}es fundamentais no ensino m{\'{e}}dio.pdf:pdf},
journal = {XVIII Simp{\{}{\'{o}}{\}}sio Nacional de ensino de F{\{}$\backslash$'$\backslash$i{\}}sica--SNEF},
title = {{Projetando o ensino de Part{\{}$\backslash$'$\backslash$i{\}}culas elementares e Intera{\{}{\c{c}}{\}}{\{}{\~{o}}{\}}es Fundamentais no Ensino M{\{}{\'{e}}{\}}dio}},
year = {2009}
}
@article{ostermann2001atualizaccao,
author = {Ostermann, Fernanda and Moreira, Marco Antonio},
file = {:C$\backslash$:/Users/Jeffersonro/Documents/Mestrado - Jefferson Rodrigues/Artigos/Part{\'{i}}culas elementres no ensino m{\'{e}}dio/7 - Atualiza{\c{c}}{\~{a}}o do curr{\'{i}}culo de F{\'{i}}sica na escola de n{\'{i}}vel m{\'{e}}dio um estudo desta problem{\'{a}}tica na perspectiva de uma experi{\^{e}}ncia em sala.pdf:pdf},
journal = {Caderno catarinense de ensino de f{\{}$\backslash$'$\backslash$i{\}}sica. Florian{\{}{\'{o}}{\}}polis. Vol. 18, n. 2 (ago. 2001), p. 135-151},
title = {{Atualiza{\{}{\c{c}}{\}}{\{}{\~{a}}{\}}o do curr{\{}$\backslash$'$\backslash$i{\}}culo de F{\{}$\backslash$'$\backslash$i{\}}sica na escola de n{\{}$\backslash$'$\backslash$i{\}}vel m{\{}{\'{e}}{\}}dio: um estudo desta problem{\{}{\'{a}}{\}}tica na perspectiva de uma experi{\{}{\^{e}}{\}}ncia em sala de aula e da forma{\{}{\c{c}}{\}}{\{}{\~{a}}{\}}o inicial de professores}},
year = {2001}
}
@article{MariaCristinaBatoniAbdalla2005,
author = {Abdalla, Maria Cristina Batoni},
file = {:C$\backslash$:/Users/Jeffersonro/Documents/Mestrado - Jefferson Rodrigues/Artigos/Part{\'{i}}culas elementres no ensino m{\'{e}}dio/8 - Sobre o discreto charme das part{\'{i}}culas elementares.pdf:pdf},
isbn = {8571396418},
journal = {F{\'{i}}sica na Escola},
number = {1},
pages = {38--44},
title = {{Sobre o discreto charme das particulas elementares}},
url = {http://www.sbfisica.org.br/fne/Vol6/Num1/charme.pdf},
volume = {6},
year = {2005}
}
@article{Pinheiro2009,
author = {Pinheiro, L. A. and da Costa, S. S. C.},
file = {:C$\backslash$:/Users/Jeffersonro/Documents/Mestrado - Jefferson Rodrigues/Artigos/Part{\'{i}}culas elementres no ensino m{\'{e}}dio/14 - Relato sobre a implementa{\c{c}}{\~{a}}o de uma unidade de aprendizagem sobre part{\'{i}}culas elementares e intera{\c{c}}{\~{o}}es fundamentais no ensino m{\'{e}}dio.pdf:pdf},
journal = {Experi{\^{e}}ncias em Ensino de Ci{\^{e}}ncias},
keywords = {concept maps,education,elementary particles,fundamental interactions,modern and contemporary physics},
number = {3},
pages = {101--116},
title = {{Relato sobre a implementa{\c{c}}{\~{a}}o de uma unidade de aprendizagem sobre part{\'{i}}culas elementares e intera{\c{c}}{\~{o}}es fundamentais no ensino m{\'{e}}dio}},
volume = {4},
year = {2009}
}
@misc{Gobel2015,
author = {G{\"{o}}bel, Carla},
file = {:C$\backslash$:/Users/Jeffersonro/Documents/Mestrado - Jefferson Rodrigues/Artigos/Part{\'{i}}culas elementres no ensino m{\'{e}}dio/Slide 2 A F{\'{I}}SICA DO LHC Conceitos fundamentais e principais resultados.pdf:pdf},
isbn = {9999999999},
pages = {69},
title = {{A F{\'{I}}SICA DO LHC : Conceitos fundamentais e principais resultados T{\'{o}}picos de Hoje}},
year = {2015}
}
@article{ostermann1999texto,
author = {Ostermann, Fernanda},
file = {:C$\backslash$:/Users/Jeffersonro/Documents/Mestrado - Jefferson Rodrigues/Artigos/Part{\'{i}}culas elementres no ensino m{\'{e}}dio/3 - Um texto para professores do ensino m{\'{e}}dio sobre part{\'{i}}culas elementares.pdf:pdf},
journal = {Revista brasileira de ensino de f{\{}$\backslash$'$\backslash$i{\}}sica. S{\{}{\~{a}}{\}}o Paulo. Vol. 21, n. 3 (set. 1999), p. 415-436},
title = {{Um texto para professores do ensino m{\{}{\'{e}}{\}}dio sobre part{\{}$\backslash$'$\backslash$i{\}}culas elementares}},
year = {1999}
}
@article{BIANCHI1992,
author = {BIANCHI, Reinaldo Augusto da Costa},
file = {:C$\backslash$:/Users/Jeffersonro/Documents/Mestrado - Jefferson Rodrigues/Artigos/Part{\'{i}}culas elementres no ensino m{\'{e}}dio/10 - Part{\'{i}}culas elementares a procura das part{\'{i}}culas w e z.pdf:pdf},
isbn = {9783939846659},
title = {{PART{\'{I}}CULAS ELEMENTARES: A PROCURA DAS PART{\'{I}}CULAS W E Z}},
year = {1992}
}
@article{VONSTEINKIRCH,
author = {{VON STEINKIRCH}, Marina},
file = {:C$\backslash$:/Users/Jeffersonro/Documents/Mestrado - Jefferson Rodrigues/Artigos/Part{\'{i}}culas elementres no ensino m{\'{e}}dio/11 - O Modelo Padr{\~{a}}o.pdf:pdf},
pages = {1--46},
title = {{O Modelo Padr{\~{a}}o}}
}
@article{maia2011abordagem,
author = {Maia, Marcilon Chaves},
file = {:C$\backslash$:/Users/Jeffersonro/Documents/Mestrado - Jefferson Rodrigues/Artigos/Part{\'{i}}culas elementres no ensino m{\'{e}}dio/2 - Uma abordagem do modelo padr{\~{a}}o da f{\'{i}}sica de part{\'{i}}culas acess{\'{i}}vel a alunos do ensino m{\'{e}}dio.pdf:pdf},
title = {{Uma Abordagem do modelo padr{\{}{\~{a}}{\}}o da f{\{}$\backslash$'$\backslash$i{\}}sica de part{\{}$\backslash$'$\backslash$i{\}}culas acess{\{}$\backslash$'$\backslash$i{\}}vel a alunos do ensino m{\{}{\'{e}}{\}}dio}},
year = {2011}
}
@article{siqueira2006transposiccao,
author = {Siqueira, Maxwell and Pietrocola, Maur$\backslash$'$\backslash$icio},
file = {:C$\backslash$:/Users/Jeffersonro/Documents/Mestrado - Jefferson Rodrigues/Artigos/Part{\'{i}}culas elementres no ensino m{\'{e}}dio/12 - A transposi{\c{c}}{\~{a}}o did{\'{a}}tica aplicada a teoria contempor{\^{a}}nea a f{\'{i}}sica de part{\'{i}}culas elementares no ensino m{\'{e}}dio.pdf:pdf},
journal = {X Encontro de Pesquisa em Ensino de F{\{}$\backslash$'$\backslash$i{\}}sica, Londrina},
title = {{A Transposi{\{}{\c{c}}{\}}{\{}{\~{a}}{\}}o Did{\{}{\'{a}}{\}}tica aplicada a teoria contempor{\{}{\^{a}}{\}}nea: A F{\{}$\backslash$'$\backslash$i{\}}sica de Part{\{}$\backslash$'$\backslash$i{\}}culas elementares no Ensino M{\{}{\'{e}}{\}}dio}},
year = {2006}
}
@article{moreira2012unidade,
author = {MOREIRA, Marco Ant{\^{o}}nio},
file = {:C$\backslash$:/Users/Jeffersonro/Documents/Mestrado - Jefferson Rodrigues/Artigos/Part{\'{i}}culas elementres no ensino m{\'{e}}dio/13 - Unidades de ensino potencialmente significativas – ueps.pdf:pdf},
journal = {Temas de ensino e forma{\{}{\c{c}}{\}}{\{}{\~{a}}{\}}o de professores de ci{\{}{\^{e}}{\}}ncias. Natal, RN: EDUFRN},
pages = {45--57},
title = {{Unidade de ensino potencialmente significativas--UEPS}},
year = {2012}
}
@article{moreira2004particulas,
author = {Moreira, Marco Antonio},
file = {:C$\backslash$:/Users/Jeffersonro/Documents/Mestrado - Jefferson Rodrigues/Artigos/Part{\'{i}}culas elementres no ensino m{\'{e}}dio/15 - Part{\'{i}}culas e Intere{\c{c}}{\~{o}}es.pdf:pdf},
journal = {F{\{}$\backslash$'$\backslash$i{\}}sica na escola. S{\{}{\~{a}}{\}}o Paulo. Vol. 5, n. 2 (out. 2004), p. 10-14},
title = {{Part{\{}$\backslash$'$\backslash$i{\}}culas e intera{\{}{\c{c}}{\}}{\{}{\~{o}}{\}}es}},
year = {2004}
}
@phdthesis{balthazar2008particulas,
author = {Balthazar, W F},
file = {:C$\backslash$:/Users/Jeffersonro/Documents/Mestrado - Jefferson Rodrigues/Artigos/Part{\'{i}}culas elementres no ensino m{\'{e}}dio/16 - Part{\'{i}}culas Elementares no Ensino M{\'{e}}dio uma abordagem a partir do LHC.pdf:pdf},
school = {Disserta{\{}{\c{c}}{\}}{\{}{\~{a}}{\}}o (Mestrado em Ensino de Ci{\{}{\^{e}}{\}}ncias)-Instituto Federal de Educa{\{}{\c{c}}{\}}{\{}{\~{a}}{\}}o, Ci{\{}{\^{e}}{\}}ncia e Tecnologia do Rio de Janeiro, Nil{\{}{\'{o}}{\}}polis},
title = {{Part{\{}$\backslash$'$\backslash$i{\}}culas Elementares no Ensino M{\{}{\'{e}}{\}}dio: uma abordagem a partir do LHC. 2008. 119f}},
year = {2008}
}
@article{ostermann1999fisica,
author = {Ostermann, Fernanda and Cavalcanti, Claudio Jose de Holanda},
file = {:C$\backslash$:/Users/Jeffersonro/Documents/Mestrado - Jefferson Rodrigues/Artigos/Part{\'{i}}culas elementres no ensino m{\'{e}}dio/4 - F{\'{i}}sica Moderna e Contempor{\^{a}}nea no ensino m{\'{e}}dio elabora{\c{c}}{\~{a}}o de material did{\'{a}}tico, em forma de p{\^{o}}ster, sobre part{\'{i}}culas elementares.pdf:pdf},
journal = {Caderno catarinense de ensino de f{\{}$\backslash$'$\backslash$i{\}}sica. Florian{\{}{\'{o}}{\}}polis. Vol. 16, n. 3 (dez. 1999), p. 267-286},
title = {{F{\{}$\backslash$'$\backslash$i{\}}sica Moderna e Contempor{\{}{\^{a}}{\}}nea no ensino m{\{}{\'{e}}{\}}dio: elabora{\{}{\c{c}}{\}}{\{}{\~{a}}{\}}o de material did{\{}{\'{a}}{\}}tico, em forma de p{\{}{\^{o}}{\}}ster, sobre part{\{}$\backslash$'$\backslash$i{\}}culas elementares e intera{\{}{\c{c}}{\}}{\{}{\~{o}}{\}}es fundamentais}},
year = {1999}
}
@article{ostermann2001poster,
author = {Ostermann, Fernanda and Cavalcanti, Claudio Jose de Holanda},
file = {:C$\backslash$:/Users/Jeffersonro/Documents/Mestrado - Jefferson Rodrigues/Artigos/Part{\'{i}}culas elementres no ensino m{\'{e}}dio/5 - Um p{\^{o}}ster para ensinar F{\'{i}}sica de Part{\'{i}}culas na escola.pdf:pdf},
journal = {F{\{}$\backslash$'$\backslash$i{\}}sica na escola. S{\{}{\~{a}}{\}}o Paulo. Vol. 2, n. 1 (maio 2001), p. 13-18},
title = {{Um p{\{}{\^{o}}{\}}ster para ensinar F{\{}$\backslash$'$\backslash$i{\}}sica de Part{\{}$\backslash$'$\backslash$i{\}}culas na escola}},
year = {2001}
}
@article{ostermann2000revisao,
author = {Ostermann, Fernanda and Moreira, Marco Antonio},
file = {:C$\backslash$:/Users/Jeffersonro/Documents/Mestrado - Jefferson Rodrigues/Artigos/Part{\'{i}}culas elementres no ensino m{\'{e}}dio/6 - Uma revis{\~{a}}o bibliogr{\'{a}}fica sobre a {\'{a}}rea de pesquisa “f{\'{i}}sica moderna e contempor{\^{a}}nea no ensino m{\'{e}}dio”.pdf:pdf},
journal = {Investiga{\{}{\c{c}}{\}}{\{}{\~{o}}{\}}es em ensino de ci{\{}{\^{e}}{\}}ncias. Porto Alegre. Vol. 5, n. 1 (jan./abr. 2000), p. 23-48},
title = {{Uma revis{\{}{\~{a}}{\}}o bibliogr{\{}{\'{a}}{\}}fica sobre a {\{}{\'{a}}{\}}rea de pesquisa" F{\{}$\backslash$'$\backslash$i{\}}sica Moderna e Contempor{\{}{\^{a}}{\}}nea no Ensino M{\{}{\'{e}}{\}}dio"}},
year = {2000}
}
@article{ostermann2001particulas,
author = {OSTERMANN, Fernanda},
file = {:C$\backslash$:/Users/Jeffersonro/Documents/Mestrado - Jefferson Rodrigues/Artigos/Part{\'{i}}culas elementres no ensino m{\'{e}}dio/9 - Texto de Apoio - Particulas elementares e intera{\c{c}}oes fundamentais.pdf:pdf},
journal = {Instituto de F{\{}$\backslash$'$\backslash$i{\}}sica--UFRGS. Porto Alegre},
title = {{Part{\{}$\backslash$'$\backslash$i{\}}culas elementares e intera{\{}{\c{c}}{\}}{\{}{\~{o}}{\}}es fundamentais}},
year = {2001}
}
@article{Ribeiro2015,
abstract = {This study aims to identify the theories of learning applied to educational games research in Brazil in the period from 2004 to 2014. This study analyzed 27 articles found in the Google Scholar database using two groups of descriptors. It was verified that 41{\%} of papers did not cite a theory of learning in the development of educational games. It was further observed that Piaget's theory, which was found in 22{\%} of the articles, was the most frequently used theory. Vygotsky's theory appeared in 15{\%} of the sample. The pedagogical principles adopted in Brazilian research corresponded to international “state of the art” because they reflected the Constructivist view of learning. However, Kolb's Experiential Learning Theory, more widely present in international research, was not mentioned in the sample of Brazilian research.},
author = {Ribeiro, Rafael Jo{\~{a}}o and {Silva Junior}, Nelson and Frasson, Antonio Carlos and Pilatti, Luiz Alberto and Silva, Sani De Carvalho Rutz},
file = {:C$\backslash$:/Users/Jeffersonro/Documents/Mestrado - Jefferson Rodrigues/Artigos/Scratch e Games na educa{\c{c}}{\~{a}}o/4 - Teorias de Aprendizagem em Jogos Digitais Educacionais um Panorama Brasileiro.pdf:pdf},
journal = {Novas Tecnologias na Educa{\c{c}}{\~{a}}o (CINTED-UFRGS)},
keywords = {educational digital games,learning theories,validated instruments},
number = {1},
pages = {1--10},
title = {{Teorias de Aprendizagem em Jogos Digitais Educacionais: um Panorama Brasileiro}},
url = {http://seer.ufrgs.br/index.php/renote/article/view/57589},
volume = {13},
year = {2015}
}
@phdthesis{OLIVEIRAJUNIOR2011,
abstract = {Nowadays more and more high school students use computers. These students use them for studying, relate to each other and with friends, or just entertain themselves. Nevertheless, It has been observed that these students use the computer passively, i.e. they sit in front of the machine receive instructions or information displayed on the screen and do something pre-programmed by others. This is particularly true of some physics educational softwares where at most the student is allowed to change some set of parameters and observe what happens then. There are, however, a class of softwares that allow for a more dynamical interaction between student and the computer. The principal aim of the present work is exploit the dynamical features of one member of this class of software, and apply the concepts of kinematic presented in the classroom to a more challenging type of kinematical problems: the so called pursuit problems. Pursuit problems are difficult to tackle at the high school level, but with the advent of computational resources in education, complex problems are now become more and more accessible to these students. The software Modellus will be the technological resource used to help teaching and making learning more entretaining and meaningful. In the activities proposed in this thesis, the student will be led to observe a problem, modeling it mathematically and run simulations and subsequently check out whether the model is consistent with expectations or not. These activities are a product of the work presented here. The activities are also intended for the physics teacher who wants to make his kinematics classes more motivating and meaningful. These activities also have a large evaluation potential. As the student interacts with the software, the teacher will have in hands a great opportunity to asses how this student behaves in the face of the difficulties presented in the classroom during the formal presentation of the kinematics.},
author = {de {OLIVEIRA J{\'{U}}NIOR}, Reynaldo Lopes},
file = {:C$\backslash$:/Users/Jeffersonro/Documents/Mestrado - Jefferson Rodrigues/Artigos/Scratch e Games na educa{\c{c}}{\~{a}}o/8 - Problemas e curvas de persegui{\c{c}}{\~{a}}o no ensino m{\'{e}}dio usando o modellus como ferramenta interativa.pdf:pdf},
pages = {0--88},
school = {Universidade Federal do Rio de Janeiro},
title = {{Problemas e curvas de persegui{\c{c}}{\~{a}}o no ensino m{\'{e}}dio usando o modellus como ferramenta interativa}},
url = {www.if.ufrj.br/{~}pef/producao.../suplemento{\_}professor{\_}Reynaldo{\_}Oliveira.pdf},
year = {2011}
}
@article{Costa2010,
author = {Costa, {\^{A}}ngelo},
file = {:C$\backslash$:/Users/Jeffersonro/Documents/Mestrado - Jefferson Rodrigues/Artigos/Scratch e Games na educa{\c{c}}{\~{a}}o/9 - Gamelabs e aprendizagem Considera{\c{c}}{\~{o}}es epistemol{\'{o}}gicas sobre o ambiente de autoria Scratch na educa{\c{c}}{\~{a}}o.pdf:pdf},
title = {{Gamelabs e aprendizagem : Considera{\c{c}}{\~{o}}es epistemol{\'{o}}gicas sobre o ambiente de autoria Scratch na educa{\c{c}}{\~{a}}o}},
year = {2010}
}
@article{Pereira2012,
author = {Pereira, Elisabeth Gomes},
file = {:C$\backslash$:/Users/Jeffersonro/Documents/Mestrado - Jefferson Rodrigues/Artigos/Scratch e Games na educa{\c{c}}{\~{a}}o/Slide 2 Workshop-UnB{\_}2015.pdf:pdf},
pages = {1--24},
title = {{Tic na educa{\c{c}}{\~{a}}o:}},
year = {2012}
}
@article{ALMEIDAJUNIOR2011,
author = {de {ALMEIDA JUNIOR}, Edson Ribeiro de Britto and de OLIVEIRA, Evelyn Carollayne dos Santos},
file = {:C$\backslash$:/Users/Jeffersonro/Documents/Mestrado - Jefferson Rodrigues/Artigos/Scratch e Games na educa{\c{c}}{\~{a}}o/1 - O uso do Scratch para o ensino de F{\'{i}}sica.pdf:pdf},
title = {{O uso do Scratch para o ensino de F{\'{i}}sica}},
year = {2011}
}
@article{Almeida2015,
author = {Almeida, Rafael Gomes De},
file = {:C$\backslash$:/Users/Jeffersonro/Documents/Mestrado - Jefferson Rodrigues/Artigos/Scratch e Games na educa{\c{c}}{\~{a}}o/2 - O aumento do engajamento no aprendizado atrav{\'{e}}s da gamifica{\c{c}}{\~{a}}o no ensino.pdf:pdf},
pages = {2--4},
title = {{O Aumento Do Engajamento No Aprendizado Atrav{\'{e}}s Da Gamifica{\c{c}}{\~{a}}o Do}},
year = {2015}
}
@article{Bastos2010,
abstract = {Resumo: Uns dos grandes desafios para o ensino atual {\'{e}} a inclus{\~{a}}o da tecnologia no seu dia-a-dia. Muitos a criticam, no entanto, seu uso adequado pode proporcionar muitos benef{\'{i}}cios no que tange {\`{a}} aprendizagem. Este artigo trata como o Construcionismo pode ser usado no contexto educacional utilizando como ferramentas a linguagem de programa{\c{c}}{\~{a}}o Scratch e a placa eletr{\^{o}}nica Arduino. Palavras-chave: Construcionismo, Scratch, Arduino. 1. Introdu{\c{c}}{\~{a}}o. Em muitos casos se observa que quanto mais abstrato determinado assunto, mais dif{\'{i}}cil {\'{e}} para o aluno assimilar tal conhecimento (DALE, 1969). Por exemplo: " ax 2 + bx + c " {\'{e}} um conceito extremamente importante, pois atrav{\'{e}}s das equa{\c{c}}{\~{o}}es do segundo grau os f{\'{i}}sicos conseguem prever acelera{\c{c}}{\~{o}}es, quedas livres, dentre outros fen{\^{o}}menos da natureza. Contudo, para quem v{\^{e}} pela primeira vez, isso pode parecer muito abstrato, n{\~{a}}o tendo qualquer aplica{\c{c}}{\~{a}}o pr{\'{a}}tica na sua vida pessoal, apenas para o dia da prova. Em muitas escolas, ainda, um dos grandes problemas do ensino {\'{e}} o seu distanciamento do cotidiano dos alunos. Os estudantes muitas vezes t{\^{e}}m prefer{\^{e}}ncia por uma mat{\'{e}}ria ou outra, mas s{\~{a}}o obrigados a cursar o curr{\'{i}}culo geral do curso. Aqueles conte{\'{u}}dos de mat{\'{e}}rias que julgam dif{\'{i}}ceis, ou que n{\~{a}}o gostam, s{\~{a}}o aproveitados somente},
author = {Bastos, Bruno Leal and Borges, Marcos and D'Abreu, Jo{\~{a}}o},
file = {:C$\backslash$:/Users/Jeffersonro/Documents/Mestrado - Jefferson Rodrigues/Artigos/Scratch e Games na educa{\c{c}}{\~{a}}o/5 - Scratch, arduino e o construcionismo ferramentas.pdf:pdf},
isbn = {9788598429021},
journal = {Semin{\'{a}}rio de Tecnologia Educacional de Arauc{\'{a}}ria},
pages = {1--10},
title = {{Scratch, Arduino e o Construcionismo: Ferramentas para a Educa{\c{c}}ao}},
year = {2010}
}
@phdthesis{Do2015,
author = {Do, Tecnologia and Grande, R I O and Norte, D O and Graco, Caio and Lima, Medeiros D E},
file = {:C$\backslash$:/Users/Jeffersonro/Documents/Mestrado - Jefferson Rodrigues/Artigos/Scratch e Games na educa{\c{c}}{\~{a}}o/7 - Cria{\c{c}}{\~{a}}o, constru{\c{c}}{\~{a}}o, uso e an{\'{a}}lise de um jogo digital voltado ao ensino de circuitos el{\'{e}}tricos.pdf:pdf},
pages = {113},
title = {{Natal, RN Agosto de 2015.}},
year = {2015}
}
@article{Zaina2012,
abstract = {O uso de sistemas de recomenda{\c{c}}{\~{a}}o com a finalidade de melhorar a intera{\c{c}}{\~{a}}o usu{\'{a}}rio-computador tem crescido em aplica{\c{c}}{\~{o}}es eletr{\^{o}}nicas como e-commerce e e-learning. Sistemas de recomenda{\c{c}}{\~{a}}o visam sugerir informa{\c{c}}{\~{o}}es e servi{\c{c}}os que possam ser atrativos baseando-se no uso automatizado de dados que descrevem as prefer{\^{e}}ncias do usu{\'{a}}rio. Na {\'{a}}rea educacional, a recomenda{\c{c}}{\~{a}}o de conte{\'{u}}dos mais relevantes pode atrair a aten{\c{c}}{\~{a}}o do estudante, motivando-o durante o processo de ensino-aprendizagem. Uma das formas de se alcan{\c{c}}ar este objetivo se d{\'{a}} por meio do processamento computacional de dados que descrevem o estilo de aprendizagem do estudante. Neste contexto, o objetivo deste trabalho {\'{e}} apresentar a metodologia e-LORS, uma abordagem para a recomenda{\c{c}}{\~{a}}o de conte{\'{u}}do eletr{\^{o}}nico baseada no relacionamento entre perfis e objetos de aprendizagem. Na metodologia proposta, perfis de aprendizagem s{\~{a}}o descritos por dimens{\~{o}}es discretas de maneira a atender diferentes perspectivas de prefer{\^{e}}ncia do estudante. J{\'{a}} a metodologia de recomenda{\c{c}}{\~{a}}o usa estas dimens{\~{o}}es para filtrar os objetos de aprendizagem – descritos pelo padr{\~{a}}o IEEE LOM – mais adequados ao estudante.},
author = {Zaina, Luciana A M and Bressan, Gra{\c{c}}a and Cardieri, Maria Ang{\'{e}}lica A. C. and {Rodrigues J{\'{u}}nior}, Jos{\'{e}} Fernando},
doi = {10.5753/RBIE.2012.20.1.04},
file = {:C$\backslash$:/Users/Jeffersonro/Documents/Mestrado - Jefferson Rodrigues/Artigos/Scratch e Games na educa{\c{c}}{\~{a}}o/11 - E-LORS Uma Abordagem para Recomenda{\c{c}}{\~{a}}o de Objetos de Aprendizagem.pdf:pdf},
issn = {1414-5685},
journal = {Revista Brasileira de Inform{\'{a}}tica na Educa{\c{c}}{\~{a}}o},
keywords = {aprendizagem eletr{\^{o}}nica,objeto de aprendizagem,padr{\~{a}}o IEEE LOM,perfil de aprendizagem,sistemas de recomenda{\c{c}}{\~{a}}o},
number = {1},
pages = {04},
title = {{e-LORS: Uma Abordagem para Recomenda{\c{c}}{\~{a}}o de Objetos de Aprendizagem}},
url = {http://www.br-ie.org/pub/index.php/rbie/article/view/1289},
volume = {20},
year = {2012}
}
@misc{Studart2015,
author = {Studart, Nelson},
file = {:C$\backslash$:/Users/Jeffersonro/Documents/Mestrado - Jefferson Rodrigues/Artigos/Scratch e Games na educa{\c{c}}{\~{a}}o/12 - Simula{\c{c}}{\~{a}}o, games e gamifica{\c{c}}{\~{a}}o no ensino de f{\'{i}}sica (Simulations, Games and Gamification in Physics Teaching).pdf:pdf},
pages = {17},
title = {{SIMULA{\c{C}}{\~{A}}O , GAMES E GAMIFICA{\c{C}}{\~{A}}O NO ENSINO DE F{\'{I}}SICA ( Simulations , Games and Gamification in Physics Teaching )}},
year = {2015}
}
@article{Furlan2013,
author = {Furlan, Marco Antonio and Denis, Everson and Fernandes, Carlos Lopes and Mau, Engenharia},
file = {:C$\backslash$:/Users/Jeffersonro/Documents/Mestrado - Jefferson Rodrigues/Artigos/Scratch e Games na educa{\c{c}}{\~{a}}o/13 - Utiliza{\c{c}}{\~{a}}o de um hardware embarcado (raspberry pi) usando programa{\c{c}}{\~{a}}o em blocos (scratch) para ensino de f{\'{i}}sica em escolas secund{\'{a}}rias e universidades.pdf:pdf},
pages = {1--10},
title = {{Utiliza{\c{c}}{\~{a}}o De Um Hardware Embarcado ( Raspberry Pi ) Usando Programa{\c{c}}{\~{a}}o Em Blocos ( Scratch ) Para Ensino}},
year = {2013}
}
@misc{Araujo2016,
abstract = {(1) John W. B. de Araujo (2) , Luiz A. de Q. Dworakowski (3) , Ricardo G. Lopes (4) , Luciane M. de Machado (5) , Edson M. Kakuno (6) (1) Coordena{\c{c}}{\~{a}}o de Aperfei{\c{c}}oamento de Pessoal de N{\'{i}}vel Superior – Capes/PIBID – Brasil. RESUMO: Este trabalho relata uma aplica{\c{c}}{\~{a}}o do PIBID-F{\'{i}}sica da Unipampa, na escola Estadual de Ensino M{\'{e}}dio Jer{\^{o}}nimo Mercio da Silveira da cidade de Candiota-Rs. Em 2014 formamos um grupo para participar da " Escola de Hackers " da Universidade de Passo Fundo (UPF), onde fomos encorajados a trabalhar a programa{\c{c}}{\~{a}}o e rob{\'{o}}tica na educa{\c{c}}{\~{a}}o b{\'{a}}sica, bem como participar das Olimp{\'{i}}adas da UPF, que ocorreu em dezembro de 2014. Para a prepara{\c{c}}{\~{a}}o foi necess{\'{a}}ria uma introdu{\c{c}}{\~{a}}o a Rob{\'{o}}tica atrav{\'{e}}s do Scratch, S4A e Arduino. Formou-se um grupo de dez alunos da Escola, o qual preparou-se durante tr{\^{e}}s meses e obteve a quarta coloca{\c{c}}{\~{a}}o na categoria de Rob{\'{o}}tica. Ressalta-se que foi a equipe melhor colocada entre os grupos de fora da regi{\~{a}}o da UPF. Palavras-Chave: rob{\'{o}}tica, ensino interdisciplinar, programa{\c{c}}{\~{a}}o, Arduino, Scratch.},
author = {de Araujo, JWB and Kakuno, EM},
booktitle = {Anais do Sal{\~{a}}o},
file = {:C$\backslash$:/Users/Jeffersonro/Documents/Mestrado - Jefferson Rodrigues/Artigos/Scratch e Games na educa{\c{c}}{\~{a}}o/Slide 1 Introdu{\c{c}}{\~{a}}o a rob{\'{o}}tica no ensino b{\'{a}}sico atrav{\'{e}}s do scratch, s4a e arduino.pdf:pdf},
pages = {12},
title = {{Introdu{\c{c}}{\~{a}}o a Rob{\'{o}}tica No Ensino B{\'{a}}sico Atrav{\'{e}}s Do Scratch, S4a E Arduino}},
url = {http://seer.unipampa.edu.br/index.php/siepe/article/view/14750},
year = {2016}
}
@article{Scaico2012,
abstract = {Este trabalho apresenta os objetivos de um projeto para o ensino de programa{\c{c}}{\~{a}}o no ensino m{\'{e}}dio que visa instruir os estudantes sobre o que representa a Computa{\c{c}}{\~{a}}o e desenvolver habilidades atrav{\'{e}}s do pensamento algor{\'{i}}tmico atrav{\'{e}}s de uma abordagem de ensino orientado ao design. O artigo tamb{\'{e}}m relata uma olimp{\'{i}}ada de programa{\c{c}}{\~{a}}o que serviu para motivar os participantes do curso e para revelar os conhecimentos adquiridos.},
author = {Scaico, Pasqueline Dantas and de Lima, Anderson Alves and {Barbosa Belo da Silva}, Jefferson and Azevedo, Luiz Fernando Paiva Silvia and Raposo, Ewerton Henning Souto and Alencar, Yugo and Mendes, J{\~{a}}o Paulo},
doi = {10.5753/cbie.wie.2012.%p},
file = {:C$\backslash$:/Users/Jeffersonro/Documents/Mestrado - Jefferson Rodrigues/Artigos/Scratch e Games na educa{\c{c}}{\~{a}}o/3 - Programa{\c{c}}{\~{a}}o no Ensino M{\'{e}}dio Uma Abordagem de Ensino.pdf:pdf},
issn = {2316-6541},
journal = {Anais do Congresso Brasileiro de Inform{\'{a}}tica na Educa{\c{c}}{\~{a}}o. XVIII Workshop de Inform{\'{a}}tica na Escola},
number = {Sudol 2011},
pages = {1--10},
title = {{Programa{\c{c}}{\~{a}}o no Ensino M{\'{e}}dio: Uma Abordagem de Ensino Orientado ao Design com Scratch}},
year = {2012}
}
@article{Ventorini2014,
abstract = {Resumo O minicurso apresenta o software de programa{\c{c}}{\~{a}}o scratch como recurso para subsidiar a aprendizagem da matem{\'{a}}tica relacionada {\`{a}} coordenadas cartesianas, {\^{a}}ngulos, geometria anal{\'{i}}tica e geometria plana atrav{\'{e}}s da realiza{\c{c}}{\~{a}}o de atividades pr{\'{a}}ticas e orientadas. A base te{\'{o}}rica, tanto para analisar a constru{\c{c}}{\~{a}}o dos conceitos matem{\'{a}}ticos como para o planejamento das atividades utilizando um software de programa{\c{c}}{\~{a}}o {\'{e}} sustentada pela teoria do Construcionismo de Seymour Papert. Busca-se, atrav{\'{e}}s deste minicurso, apresentar as no{\c{c}}{\~{o}}es b{\'{a}}sicas desta linguagem de programa{\c{c}}{\~{a}}o, contribuir para o fortalecimento de novas pr{\'{a}}ticas educativas nesta {\'{a}}rea do conhecimento e para as pesquisas relacionadas {\`{a}} constru{\c{c}}{\~{a}}o de conceitos matem{\'{a}}ticos atrav{\'{e}}s de programa{\c{c}}{\~{o}}es com o scratch. Ao realizar as atividades, os praticantes desenvolvem habilidades tais como a constru{\c{c}}{\~{a}}o de sequencias de comandos que mostram a explora{\c{c}}{\~{a}}o de estruturas alg{\'{e}}bricas, na medida em que se incorpora nesta programa{\c{c}}{\~{a}}o vari{\'{a}}veis envolvendo n{\'{u}}meros e opera{\c{c}}{\~{o}}es matem{\'{a}}ticas, a utiliza{\c{c}}{\~{a}}o de elementos da geometria anal{\'{i}}tica, na medida em que se manipula coordenadas cartesianas ao localizar ou mover personagens e objetos no tra{\c{c}}ado de retas e elementos da geometria plana, na medida em que se constroem figuras geom{\'{e}}tricas. Palavras-chave: Scratch; programa{\c{c}}{\~{a}}o; minicurso.},
author = {Ventorini, AE and Fioreze, LA},
file = {:C$\backslash$:/Users/Jeffersonro/Documents/Mestrado - Jefferson Rodrigues/Artigos/Scratch e Games na educa{\c{c}}{\~{a}}o/10 -O software scratch uma contribui{\c{c}}{\~{a}}o para o ensino e a aprendizagem da matem{\'{a}}tica.pdf:pdf},
issn = {2316-7785},
journal = {Escola de Inverso de Educa{\c{c}}{\~{a}}o matem{\'{a}}tica},
pages = {1--14},
title = {{O software scratch: uma contribui{\c{c}}{\~{a}}o para o ensino e a aprendizagem da matem{\'{a}}tica}},
url = {http://w3.ufsm.br/ceem/eiemat/Anais/arquivos/ed{\_}4/MC/MC{\_}Venturine{\_}Andre.pdf},
year = {2014}
}

% bibliografia para o artigo da p\'{o}s 

@article{dosdesmonte,
	title={DESMONTE TECNOL{\'O}GICO COMO FERRAMENTA PARA O ENSINO DE F{\'I}SICA},
	author={dos Santosa, Rodrigo A and Magalh{\~a}es, Nadja S},
	year={2009}	
}

@article{freire2012ensino,
	title={ENSINO M{\'E}DIO ARTICULADO AO ENSINO PROFISSIONALIZANTE: NOVAS PERSPECTIVAS},
	author={Freire, SHSLM and Lima, NR},
	journal={HOLOS},
	volume={2},
	pages={105--113},
	year={2012}
}

@phdthesis{barsottiuso,
	title={USO DE FERRAMENTAS TECNOL{\'O}GICAS NO ENSINO DE F{\'I}SICA PARA O ENSINO M{\'E}DIO: MODELAGEM MATEM{\'A}TICA A PARTIR DO SOFTWARE MODELLUS},
	author={Barsotti, Daniela Cristina},
	school={UNIVERSIDADE DE FEDERAL DE S\~{A}O CARLOS},
	year={2012}
}

@article{de2012simulaccoes,
	title={Simula{\c{c}}{\~o}es computacionais como ferramentas para o ensino de conceitos b{\'a}sicos de eletricidade},
	author={de Mac{\^e}do, Josu{\'e} Antunes and Dickman, Adriana Gomes and de Andrade, Isabela Silva Faleiro},
	journal={Caderno Brasileiro de Ensino de F{\'\i}sica},
	volume={29},
	pages={562--613},
	year={2012}
}

@article{grabowski2006ensino,
	title={Ensino m{\'e}dio integrado {\`a} Educa{\c{c}}{\~a}o Profissional},
	author={Grabowski, Gabriel},
	journal={BRASIL. Minist{\'e}rio da Educa{\c{c}}{\~a}o. Secretaria de Educa{\c{c}}{\~a}o {\`a} Dist{\^a}ncia. Ensino M{\'e}dio integrado {\`a} Educa{\c{c}}{\~a}o Profissional. Boletim, Bras{\'\i}lia},
	number={7},
	pages={05--15},
	year={2006}
}

@article{ramos2008concepccao,
	title={Concep{\c{c}}{\~a}o do ensino m{\'e}dio integrado},
	author={Ramos, Marise},
	journal={Texto apresentado em semin{\'a}rio promovido pela Secretaria de Educa{\c{c}}{\~a}o do Estado do Par{\'a} nos dias},
	volume={8},
	year={2008}
}

@article{de2010simuladores,
	title={Simuladores computacionais para o ensino de f{\'\i}sica b{\'a}sica: uma discuss{\~a}o sobre produ{\c{c}}{\~a}o e uso},
	author={de Souza Filho, Geraldo Felipe},
	year={2010}
}

@article{santosuso,
	title={O USO DE RECURSOS TECNOL{\'O}GICOS COMO METODOLOGIA DE ENSINO EM F{\'I}SICA: O QUE DIZEM OS PROFESSORES?},
	author={Santos, Geovania Silva and Madureira, Rafael Batista and da Silva, Vailton Afonso},
	year={2010}
}

@phdthesis{mendes2009uso,
	title={O uso do software Modellus na integra{\c{c}}{\~a}o entre conhecimentos te{\'o}ricos e atividades experimentais de t{\'o}picos de Mec{\^a}nica sob a perspectiva da aprendizagem significativa},
	author={Mendes, Jandu{\'\i} Farias},
	year={2009},
	school={UNIVERSIDADE DE BRAS{\'I}LIA}
}


